<record><leader>00000cas a22000007a 4500</leader><controlfield tag="001">16000484</controlfield><controlfield tag="008">870619d18891924inudn ne      0    0eng d</controlfield><datafield ind1=" " ind2=" " tag="010"><subfield code="a">sn 87056258 </subfield></datafield><datafield ind1=" " ind2=" " tag="040"><subfield code="a">NPI</subfield><subfield code="b">eng</subfield><subfield code="c">NPI</subfield><subfield code="d">OCLCQ</subfield><subfield code="d">NPI</subfield></datafield><datafield ind1=" " ind2=" " tag="042"><subfield code="a">msc</subfield></datafield><datafield ind1="0" ind2=" " tag="130"><subfield code="a">Daily herald (LaPorte, Ind.)</subfield></datafield><datafield ind1="1" ind2="4" tag="245"><subfield code="a">The daily herald.</subfield></datafield><datafield ind1=" " ind2=" " tag="260"><subfield code="a">La Porte, Ind. :</subfield><subfield code="b">La Porte Print. Co.</subfield></datafield><datafield ind1=" " ind2=" " tag="310"><subfield code="a">Daily (except Sun.)</subfield></datafield><datafield ind1="1" ind2=" " tag="362"><subfield code="a">Began in July 1889; ceased with Oct. 18, 1924 issue?</subfield></datafield><datafield ind1=" " ind2=" " tag="500"><subfield code="a">Also published in a weekly edition.</subfield></datafield><datafield ind1=" " ind2=" " tag="588"><subfield code="a">Description based on: No. 2805 (Sept. 1, 1897).</subfield></datafield><datafield ind1=" " ind2=" " tag="752"><subfield code="a">United States</subfield><subfield code="b">Indiana</subfield><subfield code="c">LaPorte</subfield><subfield code="d">LaPorte.</subfield></datafield><datafield ind1="0" ind2="0" tag="780"><subfield code="t">Daily republic herald</subfield></datafield><datafield ind1="0" ind2="7" tag="785"><subfield code="t">Laporte daily argus</subfield><subfield code="w">(DLC)sn 87056271</subfield></datafield><datafield ind1="0" ind2="7" tag="785"><subfield code="t">Porte herald-argus</subfield><subfield code="w">(DLC)sn 82014732</subfield></datafield></record>